@article{OmicsAnalyst_2021,
  title        = {OmicsAnalyst: a comprehensive web‑based platform for visual analytics of multi‑omics data},
  author       = {Zhou, Guangyan and Ewald, Jessica D. and Xia, Jianguo},
  journal      = {Nucleic Acids Research},
  volume       = {49},
  number       = {W1},
  pages        = {W476--W482},
  year         = {2021},
  doi          = {10.1093/nar/gkab394}
}

@article{Benedetti2023_MultimodalAtlas,
  title        = {A multimodal atlas of tumour metabolism reveals the architecture of gene--metabolite covariation},
  author       = {Benedetti, Elisa and Liu, Eric Minwei and Tang, Cerise and Kuo, Fengshen and Buyukozkan, Mustafa and Park, Tricia and Park, Jinsung and Correa, Fabian and Hakimi, A. Ari and Intlekofer, Andrew M. and Sanchez, Anthony and Cheng, Susan and Yam, Ka-Hong and Wu, Zhangli and Lee, Michael S. and Reuter, Victor E. and Chen, Ying-Bei and Keshari, Kayvan R.},
  journal      = {Nature Metabolism},
  volume       = {5},
  number       = {6},
  pages        = {1029--1044},
  year         = {2023},
  doi          = {10.1038/s42255-023-00817-8}
}

@article{Netanely2019_PROMO,
  title        = {{PROMO}: an interactive tool for analyzing clinically-labeled multi-omic cancer datasets},
  author       = {Netanely, Dvir and Stern, Neta and Laufer, Itay and Shamir, Ron},
  journal      = {BMC Bioinformatics},
  volume       = {20},
  number       = {1},
  pages        = {732},
  year         = {2019},
  doi          = {10.1186/s12859-019-3142-5}
}

@article{Akhmedov2020_OmicsPlayground,
  title        = {{Omics Playground}: a comprehensive self-service platform for visualization, analytics and exploration of {Big Omics Data}},
  author       = {Akhmedov, Murodzhon and Martinelli, Axel and Geiger, Roger and Kwee, Ivo},
  journal      = {NAR Genomics and Bioinformatics},
  volume       = {2},
  number       = {1},
  pages        = {lqz019},
  year         = {2019},
  doi          = {10.1093/nargab/lqz019},
  pmid         = {33575569},
  pmcid        = {PMC7671354}
}

@article{Gruca2022_MAINE,
  title        = {{MAINE}: a web tool for multi-omics feature selection and rule-based data exploration},
  author       = {Gruca, Aleksandra and Henzel, Joanna and Kostorz, Iwona and Stęclik, Tomasz and Wróbel, {\L}ukasz and Sikora, Marek},
  journal      = {Bioinformatics},
  volume       = {38},
  number       = {6},
  pages        = {1773--1775},
  year         = {2022},
  doi          = {10.1093/bioinformatics/btab862}
}

@article{MiBiOmics_2021,
  title        = {{MiBiOmics}: an interactive web application for multi-omics data exploration and integration},
  author       = {Zoppi, Johanna and Guillaume, Jean-Fran{\c{c}}ois and Neunlist, Michel and Chaffron, Samuel},
  journal      = {BMC Bioinformatics},
  volume       = {22},
  number       = {1},
  pages        = {6},
  year         = {2021},
  doi          = {10.1186/s12859-020-03921-8}
}

@article{Lu2024_GenoCraft,
  title        = {{GenoCraft}: A Comprehensive, User-Friendly Web-Based Platform for High-Throughput Omics Data Analysis and Visualization},
  author       = {Lu, Yingzhou and Shen, Minjie and Yue, Ling and Li, Chenhao and Chen, Lulu and Wang, Xiao and Herrington, David and Wang, Yue and Zhao, Yue and Fu, Tianfan and Van Rechem, Capucine},
  journal      = {arXiv},
  year         = {2024},
  eprint       = {2312.14249},
  doi          = {10.48550/arXiv.2312.14249},
  archiveprefix = {arXiv},
  primaryclass = {q-bio.GN}
}

@article{iMAP_2021,
  title        = {{iMAP}: A Web Server for Metabolomics Data Integrative Analysis},
  author       = {Zhou, Di and Zhu, Wenjia and Sun, Tao and Wang, Yang and Chi, Yi and Chen, Tianlu and Lin, Jingchao},
  journal      = {Frontiers in Chemistry},
  volume       = {9},
  pages        = {659656},
  year         = {2021},
  doi          = {10.3389/fchem.2021.659656}
}

@article{MetaboLink_2024,
  title        = {{MetaboLink}: a web application for streamlined processing and analysis of large-scale untargeted metabolomics data},
  author       = {Mendes, Ana and Havelund, Jesper Foged and Lemvig, Jonas and Schw{\"a}mmle, Veit and F{\ae}rgeman, Nils J},
  journal      = {Bioinformatics},
  volume       = {40},
  number       = {7},
  pages        = {btae459},
  year         = {2024},
  doi          = {10.1093/bioinformatics/btae459}
}

@article{MetabolomicsWorkbench_2016,
  title        = {{Metabolomics Workbench}: An international repository for metabolomics data and metadata, metabolite standards, protocols, tutorials and training, and analysis tools},
  author       = {Sud, Manish and Fahy, Eoin and Cotter, Dawn and Azam, Kenan and Vadivelu, Ilango and Burant, Charles and Edison, Arthur and Fiehn, Oliver and Higashi, Richard and Nair, K. Sreekumaran and Warty, Vilas and Washabaugh, Michael and Wolan, Dennis and Zaslavsky, Ilya},
  journal      = {Nucleic Acids Research},
  volume       = {44},
  number       = {D1},
  pages        = {D463--D470},
  year         = {2016},
  doi          = {10.1093/nar/gkv1042}
}

@article{MetaboAnalyst_2009,
  title        = {{MetaboAnalyst}: a web server for metabolomic data analysis and interpretation},
  author       = {Xia, Jianguo and Psychogios, Nick and Young, Nelson and Wishart, David S.},
  journal      = {Nucleic Acids Research},
  volume       = {37},
  number       = {suppl\_2},
  pages        = {W652--W660},
  year         = {2009},
  doi          = {10.1093/nar/gkp356}
}

@article{MetaboAnalystR_2018,
  title        = {{MetaboAnalystR}: an {R} package for flexible and reproducible analysis of metabolomics data},
  author       = {Jasmine Chong and Jianguo Xia},
  journal      = {Bioinformatics},
  volume       = {34},
  number       = {24},
  pages        = {4313--4314},
  year         = {2018},
  doi          = {10.1093/bioinformatics/bty528}
}

@article{WebSpecmine_2019,
  title        = {{WebSpecmine}: A Website for Metabolomics Data Analysis and Mining},
  author       = {Sara Cardoso and Telma Afonso and Marcelo Maraschin and Miguel Rocha},
  journal      = {Metabolites},
  volume       = {9},
  number       = {10},
  pages        = {237},
  year         = {2019},
  doi          = {10.3390/metabo9100237}
}

@article{XCMSOnline_2012,
  title        = {{XCMS Online}: A Web-Based Platform to Process Untargeted Metabolomic Data},
  author       = {Ralf Tautenhahn and Gary J Patti and Duane Rinehart and Gary Siuzdak},
  journal      = {Analytical Chemistry},
  volume       = {84},
  number       = {11},
  pages        = {5035--5039},
  year         = {2012},
  doi          = {10.1021/ac300698c}
}

@article{MicrobioSee_2022,
  title        = {{MicrobioSee}: A Web-Based Visualization Toolkit for Multi-Omics of Microbiology},
  author       = {JinHui Li and Yimeng Sang and Sen Zeng and Shuming Mo and Zufan Zhang and Sheng He and Xinying Li and Guijiao Su and Jianping Liao and Chengjian Jiang},
  journal      = {Frontiers in Genetics},
  volume       = {13},
  pages        = {853612},
  year         = {2022},
  doi          = {10.3389/fgene.2022.853612}
}

@article{oposSOM_2020,
  title        = {{oposSOM-Browser}: an interactive tool to explore omics data landscapes in health science},
  author       = {Henry Loeffler-Wirth and Jasmin Reikowski and Siras Hakobyan and Jonas Wagner and Hans Binder},
  journal      = {BMC Bioinformatics},
  volume       = {21},
  number       = {1},
  pages        = {465},
  year         = {2020},
  doi          = {10.1186/s12859-020-03806-w}
}

@article{MetaAnalyst_2022,
  title        = {{MetaAnalyst}: a user-friendly tool for metagenomic biomarker detection and phenotype classification},
  author       = {Mustafa Alshawaqfeh and Salahelden Rababah and Abdullah Hayajneh and Ammar Gharaibeh and Erchin Serpedin},
  journal      = {BMC Medical Research Methodology},
  volume       = {22},
  number       = {1},
  pages        = {336},
  year         = {2022},
  doi          = {10.1186/s12874-022-01812-5}
}

@article{OASIS_2016,
  title        = {{OASIS}: web-based platform for exploring cancer multi-omics data},
  author       = {Julio Fernandez-Banet and Anthony Esposito and Scott Coffin and Istvan Boerner Horvath and Heather Estrella and Sabine Schefzick and Shibing Deng and Kai Wang and Keith AChing and Ying Ding and Peter Roberts and Paul A Rejto and Zhengyan Kan},
  journal      = {Nature Methods},
  volume       = {13},
  number       = {1},
  pages        = {9--10},
  year         = {2016},
  doi          = {10.1038/nmeth.3692}
}

@article{trackViewer_2019,
  title        = {{trackViewer}: a {Bioconductor} package for interactive and integrative visualization of multi-omics data},
  author       = {Jianhong Ou and Lihua Julie Zhu},
  journal      = {Nature Methods},
  volume       = {16},
  number       = {6},
  pages        = {453--454},
  year         = {2019},
  doi          = {10.1038/s41592-019-0430-y}
}

@article{MOMIC_2022,
  title        = {{MOMIC}: A Multi-Omics Pipeline for Data Analysis, Integration and Interpretation},
  author       = {Laura Madrid-Márquez and Cristina Rubio-Escudero and Beatriz Pontes and Antonio González-Pérez and José C. Riquelme and Maria E. Sáez},
  journal      = {Applied Sciences},
  volume       = {12},
  number       = {8},
  pages        = {3987},
  year         = {2022},
  doi          = {10.3390/app12083987}
}

@article{OSacc_2019,
  title        = {{OSacc}: Gene Expression-Based Survival Analysis Web Tool For Adrenocortical Carcinoma},
  author       = {Longxiang Xie and Qiang Wang and Fangmei Nan and Linna Ge and Yifang Dang and Xiaoxiao Sun and Ning Li and Huan Dong and Yali Han and Guosen Zhang and Wan Zhu and Xiangqian Guo},
  journal      = {Cancer Management and Research},
  volume       = {11},
  pages        = {9145--9152},
  year         = {2019},
  doi          = {10.2147/CMAR.S215586}
}

@article{OSuvm_2020,
  title        = {{OSuvm}: An interactive online consensus survival tool for uveal melanoma prognosis analysis},
  author       = {Fengling Wang and Qiang Wang and Ning Li and Linna Ge and Mengsi Yang and Yang An and Guosen Zhang and Huan Dong and Shaoping Ji and Wan Zhu and Xiangqian Guo},
  journal      = {Molecular Carcinogenesis},
  volume       = {59},
  number       = {1},
  pages        = {56--61},
  year         = {2020},
  doi          = {10.1002/mc.23128}
}

@article{OSblca_2019,
  title        = {{OSblca}: A Web Server for Investigating Prognostic Biomarkers of Bladder Cancer Patients},
  author       = {Guosen Zhang and Qiang Wang and Mengsi Yang and Quan Yuan and Yifang Dang and Xiaoxiao Sun and Yang An and Huan Dong and Longxiang Xie and Wan Zhu and Yunlong Wang and Xiangqian Guo},
  journal      = {Frontiers in Oncology},
  volume       = {9},
  pages        = {466},
  year         = {2019},
  doi          = {10.3389/fonc.2019.00466}
}

@article{OSpaad_2020,
  title        = {{OSpaad}: An online tool to perform survival analysis by integrating gene expression profiling and long-term follow-up data of 1319 pancreatic carcinoma patients},
  author       = {Guosen Zhang and Qiang Wang and Mengsi Yang and Xitong Yao and Xinlei Qi and Yang An and Huan Dong and Lu Zhang and Wan Zhu and Yongqiang Li and Xiangqian Guo},
  journal      = {Molecular Carcinogenesis},
  volume       = {59},
  number       = {3},
  pages        = {304--310},
  year         = {2020},
  doi          = {10.1002/mc.23154}
}

@article{OSlgg_2020,
  title        = {{OSlgg}: An Online Prognostic Biomarker Analysis Tool for Low-Grade Glioma},
  author       = {Yang An and Qiang Wang and Lu Zhang and Fengjie Sun and Guosen Zhang and Huan Dong and Yingkun Li and Yanyu Peng and Haojie Li and Wan Zhu and Shaoping Ji and Yunlong Wang and Xiangqian Guo},
  journal      = {Frontiers in Oncology},
  volume       = {10},
  pages        = {1097},
  year         = {2020},
  doi          = {10.3389/fonc.2020.01097}
}

@article{Multiomix_2022,
  title        = {{Multiomix}: a cloud-based platform to infer cancer genomic and epigenomic events associated with gene expression modulation},
  author       = {Genaro Camele and Sebastian Menazzi and Hernán Chanfreau and Agustin Marraco and Waldo Hasperué and Matias D Butti and Martin C Abba},
  journal      = {Bioinformatics},
  volume       = {38},
  number       = {3},
  pages        = {866--868},
  year         = {2022},
  doi          = {10.1093/bioinformatics/btab678}
}

@inproceedings{exploRase_2006,
  title        = {{exploRase}: Exploratory Data Analysis of Systems Biology Data},
  author       = {Lawrence, Michael and Lee, Eun-Kyung and Cook, Dianne and Hofmann, Heike and Wurtele, Eve},
  booktitle    = {Proceedings of the Fourth International Conference on Coordinated \& Multiple Views in Exploratory Visualization (CMV'06)},
  pages        = {40--79},
  year         = {2006},
  organization = {IEEE},
  doi          = {10.1109/CMV.2006.7}
}

@article{Camp2004_XTile,
  title        = {{X-Tile}: A New Bio-Informatics Tool for Biomarker Assessment and Outcome-Based Cut-Point Optimization},
  author       = {Robert L Camp and Marisa Dolled-Filhart and David L Rimm},
  journal      = {Clinical Cancer Research},
  volume       = {10},
  number       = {21},
  pages        = {7252--7259},
  year         = {2004},
  doi          = {10.1158/1078-0432.CCR-04-0713}
}

@article{HMDB_2013,
  title        = {{HMDB} 3.0--The {H}uman {M}etabolome {D}atabase in 2013},
  author       = {David S Wishart and Timothy Jewison and An Chi Guo and Michael Wilson and Craig Knox and Yifeng Liu and Yannick Djoumbou and Rupasri Mandal and Farid Aziat and Edison Dong and Souhaila Bouatra and Igor Sinelnikov and David Arndt and Jianguo Xia and Philip Liu and Faizath Yallou and Trent Bjorndahl and Rolando Perez-Pineiro and Roman Eisner and Felicity Allen and Vanessa Neveu and Russ Greiner and Augustin Scalbert},
  journal      = {Nucleic Acids Research},
  volume       = {41},
  number       = {D1},
  pages        = {D801--D807},
  year         = {2013},
  doi          = {10.1093/nar/gks1065}
}

@article{Reactome_2020,
  title        = {The {Reactome} pathway knowledgebase},
  author       = {Bijay Jassal and Lisa Matthews and Guilherme Viteri and Chuqiao Gong and Pascual Lorente and Antonio Fabregat and Konstantinos Sidiropoulos and Justin Cook and Marc Gillespie and Robin Haw and Fred Loney and Bruce May and Marija Milacic and Karen Rothfels and Cristoffer Sevilla and Veronica Shamovsky and Solomon Shorser and Thawfeek Varusai and Joel Weiser and Guanming Wu and Lincoln Stein and Henning Hermjakob and Peter D'Eustachio},
  journal      = {Nucleic Acids Research},
  volume       = {48},
  number       = {D1},
  pages        = {D498--D503},
  year         = {2020},
  doi          = {10.1093/nar/gkz1031}
}

@article{KEGG_2017,
  title        = {{KEGG}: new perspectives on genomes, pathways, diseases and drugs},
  author       = {Minoru Kanehisa and Miho Furumichi and Mao Tanabe and Yoko Sato and Kanae Morishima},
  journal      = {Nucleic Acids Research},
  volume       = {45},
  number       = {D1},
  pages        = {D353--D361},
  year         = {2017},
  doi          = {10.1093/nar/gkw1092}
}

@article{PathwayTools_2009,
  title        = {{Pathway Tools} version 13.0: integrated software for pathway/genome informatics and systems biology},
  author       = {Peter D Karp and Suzanne M Paley and Markus Krummenacker and Mario Latendresse and Joseph M Dale and Thomas J Lee and Pallavi Kaipa and Fred Gilham and Aaron Spaulding and Liviu Popescu and Tomer Altman and Ian Paulsen and Ingrid M Keseler and Ron Caspi},
  journal      = {Briefings in Bioinformatics},
  volume       = {11},
  number       = {1},
  pages        = {40--79},
  year         = {2009},
  doi          = {10.1093/bib/bbp043}
}

@article{OSlihc_2020,
  title        = {{OSlihc}: An Online Prognostic Biomarker Analysis Tool for Hepatocellular Carcinoma},
  author       = {Yang An and Qiang Wang and Guosen Zhang and Fengjie Sun and Lu Zhang and Haojie Li and Yingkun Li and Yanyu Peng and Wan Zhu and Shaoping Ji and Xiangqian Guo},
  journal      = {Frontiers in Pharmacology},
  volume       = {11},
  pages        = {875},
  year         = {2020},
  doi          = {10.3389/fphar.2020.00875}
}

@article{Zheng2020_CancerReview,
  title        = {Comprehensive Review of Web Servers and Bioinformatics Tools for Cancer Prognosis Analysis},
  author       = {Hong Zheng and Guosen Zhang and Lu Zhang and Qiang Wang and Huimin Li and Yali Han and Longxiang Xie and Zhongyi Yan and Yongqiang Li and Yang An and Huan Dong and Wan Zhu and Xiangqian Guo},
  journal      = {Frontiers in Oncology},
  volume       = {10},
  pages        = {68},
  year         = {2020},
  doi          = {10.3389/fonc.2020.00068}
}

@article{3Omics_2013,
  title        = {{3Oomics}: a web-based systems biology tool for analysis, integration and visualization of human transcriptomic, proteomic and metabolomic data},
  author       = {Tien-Chueh Kuo and Tze-Feng Tian and Yufeng Jane Tseng},
  journal      = {BMC Systems Biology},
  volume       = {7},
  number       = {1},
  pages        = {64},
  year         = {2013},
  doi          = {10.1186/1752-0509-7-64}
}

@article{MetExplore_2018,
  title        = {{MetExplore}: collaborative edition and exploration of metabolic networks},
  author       = {Ludovic Cottret and Clément Frainay and Maxime Chazalviel and Floréal Cabanettes and Yoann Gloaguen and Etienne Camenen and Benjamin Merlet and Stéphanie Heux and Jean-Charles Portais and Nathalie Poupin and Florence Vinson and Fabien Jourdan},
  journal      = {Nucleic Acids Research},
  volume       = {46},
  number       = {W1},
  pages        = {W495--W502},
  year         = {2018},
  doi          = {10.1093/nar/gky301}
}

@inproceedings{Lundberg2017_SHAP,
  title        = {A Unified Approach to Interpreting Model Predictions},
  author       = {Scott M. Lundberg and Su-In Lee},
  booktitle    = {Advances in Neural Information Processing Systems},
  volume       = {30},
  year         = {2017},
  publisher    = {Curran Associates, Inc.},
  doi          = {arXiv:1705.07874}
}

@article{Lundberg2020_TreeSHAP,
  title        = {From local explanations to global understanding with explainable {AI} for trees},
  author       = {Scott M. Lundberg and Gabriel Erion and Hugh Chen and Alex DeGrave and Jordan M. Prutkin and Bala Nair and Ronit Katz and Jonathan Himmelfarb and Nisha Bansal and Su-In Lee},
  journal      = {Nature Machine Intelligence},
  volume       = {2},
  number       = {1},
  pages        = {56--67},
  year         = {2020},
  doi          = {10.1038/s42256-019-0138-9}
}

@inproceedings{Ribeiro2016_LIME,
  title        = {"Why Should I Trust You?": Explaining the Predictions of Any Classifier},
  author       = {Marco Tulio Ribeiro and Sameer Singh and Carlos Guestrin},
  booktitle    = {Proceedings of the 22nd ACM SIGKDD International Conference on Knowledge Discovery and Data Mining},
  pages        = {1135--1144},
  year         = {2016},
  organization = {ACM},
  doi          = {10.1145/2939672.2939778}
}

@article{DANCR_prostate_2016,
  title        = {Long noncoding {RNA} {DANCR} promotes invasion of prostate cancer through epigenetically silencing expression of {TIMP2/3}},
  author       = {Jing Jia and Feng Li and Xiao-Shuang Tang and Shan Xu and Yang Gao and Qi Shi and Wenhuan Guo and Xinyang Wang and Dalin He and Peng Guo},
  journal      = {Oncotarget},
  volume       = {7},
  number       = {25},
  pages        = {17449--17461},
  year         = {2016},
  doi          = {10.18632/oncotarget.9350}
}

@article{PCAT7_metastasis_2020,
  title        = {{SMAD3/SP1} complex-mediated constitutive active loop between {lncRNA} {PCAT7} and {TGF}-{$\beta$} signaling promotes prostate cancer bone metastasis},
  author       = {Chuandong Lang and Yuhu Dai and Zhengquan Wu and Qing Yang and Shaofu He and Xin Zhang and Wei Guo and Yingrong Lai and Hong Du and Hehe Wang and Dong Ren and Xinsheng Peng},
  journal      = {Molecular Oncology},
  volume       = {14},
  number       = {4},
  pages        = {808--828},
  year         = {2020},
  doi          = {10.1002/1878-0261.12634}
}

@article{NEK5_prostate_2025,
  title        = {Development and validation of a kinase-related gene signature as a novel diagnostic and prognostic model for prostate cancer},
  author       = {Yaqiang Huang and Haiying Zhu and Zhenguo Liang and Weiyang Wei and Hao Yang and Qi Wang and Hongxing Huang and Huichan He and Rujun Mo and Jianheng Ye and Qishan Dai and Weide Zhong and Yingke Liang},
  journal      = {Biochimica et Biophysica Acta - Molecular Basis of Disease},
  volume       = {1871},
  number       = {4},
  pages        = {167722},
  year         = {2025},
  doi          = {10.1016/j.bbadis.2025.167722}
}

@article{DPT_suppressor_2023,
  title        = {{DNMT3a}-dermatopontin axis suppresses breast cancer malignancy via inactivating {YAP}},
  author       = {Danrong Ye and Yuying Wang and Xiaochong Deng and Xiqian Zhou and Diya Liu and Baian Zhou and Wenfang Zheng and Xuehui Wang and Lin Fang},
  journal      = {Cell Death \& Disease},
  volume       = {14},
  number       = {2},
  pages        = {106},
  year         = {2023},
  doi          = {10.1038/s41419-023-05657-8}
}

@article{IKBKE_metastasis_2022,
  title        = {{IKBKE} phosphorylates and stabilizes {Snail} to promote breast cancer invasion and metastasis},
  author       = {Wei Xie and Qiwei Jiang and Xueji Wu and Lei Wang},
  journal      = {Cell Death and Differentiation},
  volume       = {29},
  number       = {8},
  pages        = {1528--1540},
  year         = {2022},
  doi          = {10.1038/s41418-022-00940-1}
}

@article{CHEK1_TNBC_2022,
  title        = {{Checkpoint Kinase 1 (CHK1)} Functions as Both a Diagnostic Marker and a Regulator of {Epithelial-to-Mesenchymal Transition (EMT)} in {Triple-Negative Breast Cancer}},
  author       = {Hyo-Jin Kim and Bo-Gyeong Seo and Eun-Chan Seo and Kwang-Min Lee and Cheol Hwangbo},
  journal      = {Current Issues in Molecular Biology},
  volume       = {44},
  number       = {12},
  pages        = {5848--5865},
  year         = {2022},
  doi          = {10.3390/cimb44120398}
}

@article{KLF8_prostate_2013,
  title        = {{Kr{\"u}ppel-like factor 8} is a novel androgen receptor co-activator in human prostate cancer},
  author       = {Hong-jiang He and Xue-feng Gu and Wan-hai Xu and De-jun Yang and Xiao-min Wang and Yu Su},
  journal      = {Acta Pharmacologica Sinol},
  volume       = {34},
  number       = {2},
  pages        = {282--288},
  year         = {2013},
  doi          = {10.1038/aps.2012.130}
}

@article{CRISP3_prostate_2014,
  title        = {{Cysteine-rich secretory protein 3 (CRISP3)}, {ERG} and {PTEN} define a molecular subtype of prostate cancer with implication to patients' prognosis},
  author       = {Samir Al Bashir and Mohammed Alshalalfa and Samar A Hegazy and Michael Dolph and Bryan Donnelly and Tarek A Bismar},
  journal      = {Journal of Hematology \& Oncology},
  volume       = {7},
  number       = {21},
  pages        = {21},
  year         = {2014},
  doi          = {10.1186/1756-8722-7-21}
}

@article{SERPINB5_prostate_2010,
  title        = {{Maspin (SERPINB5)} is an obligate intracellular serpin},
  author       = {Sonia S Y Teoh and James C Whisstock and Phillip I Bird},
  journal      = {Journal of Biological Chemistry},
  volume       = {285},
  number       = {14},
  pages        = {10862--10869},
  year         = {2010},
  doi          = {10.1074/jbc.M109.073171}
}

@article{MPPED2_suppressor_2019,
  title        = {The {Metallophosphoesterase-Domain-Containing Protein 2 (MPPED2)} Gene Acts as Tumor Suppressor in Breast Cancer},
  author       = {Simona Pellecchia and Romina Sepe and Antonella Federico and Mariella Cuomo and Sara Carmela Credendino and Pasquale Pisapia and Claudio Bellevicine and Pedro Nicolau-Neto and Mariana Severo Ramundo and Elvira Crescenzi and Gabriella De Vita and Luigi Maria Terracciano and Lorenzo Chiariotti and Alfredo Fusco and Pierlorenzo Pallante},
  journal      = {Cancers},
  volume       = {11},
  number       = {6},
  pages        = {797},
  year         = {2019},
  doi          = {10.3390/cancers11060797}
}

@article{CRY2_circadian_2015,
  title        = {The circadian gene {CRY2} is associated with breast cancer aggressiveness possibly via epigenomic modifications},
  author       = {Yingying Mao and Alan Fu and Aaron E Hoffman and Daniel I Jacobs and Mingjuan Jin and Kun Chen and Yong Zhu},
  journal      = {Tumor Biology},
  volume       = {36},
  number       = {5},
  pages        = {3533--3539},
  year         = {2015},
  doi          = {10.1007/s13277-014-2989-3}
}

@article{PARVA_metastasis_2019,
  title        = {{$\alpha$}-Parvin promotes breast cancer progression and metastasis through interaction with {G3BP2} and regulation of {TWIST1} signaling},
  author       = {Ying Sun and Yanyan Ding and Chen Guo and Chengmin Liu and Ping Ma and Shuang Ma and Zhe Wang and Jie Liu and Tao Qian and Luyao Ma and Yi Deng and Chuanyue Wu},
  journal      = {Oncogene},
  volume       = {38},
  number       = {24},
  pages        = {4856--4874},
  year         = {2019},
  doi          = {10.1038/s41388-019-0762-1}
}

@article{benedetti2019elife,
  title        = {A multimodal preclinical trial in the {TRAMP} mouse model of prostate cancer},
  author       = {Debasish Basak and Lisney Gregori and Fatema Johora and Subrata Deb},
  journal      = {Life},
  volume       = {12},
  number       = {10},
  pages        = {1607},
  year         = {2022},
  doi          = {10.3390/life12101607}
}